@article{brown1993mathematics,
  title={The mathematics of statistical machine translation: Parameter estimation},
  author={Brown, Peter F and Pietra, Vincent J Della and Pietra, Stephen A Della and Mercer, Robert L},
  journal={Computational linguistics},
  volume={19},
  number={2},
  pages={263--311},
  year={1993},
  publisher={MIT Press}
}

@inproceedings{recht2011hogwild,
  title={Hogwild: A lock-free approach to parallelizing stochastic gradient descent},
  author={Recht, Benjamin and Re, Christopher and Wright, Stephen and Niu, Feng},
  booktitle={Advances in Neural Information Processing Systems},
  pages={693--701},
  year={2011}
}

@inproceedings{berg2010painless,
  title={Painless unsupervised learning with features},
  author={Berg-Kirkpatrick, Taylor and Bouchard-C{\^o}t{\'e}, Alexandre and DeNero, John and Klein, Dan},
  booktitle={Human Language Technologies: The 2010 Annual Conference of the North American Chapter of the Association for Computational Linguistics},
  pages={582--590},
  year={2010},
  organization={Association for Computational Linguistics}
}
@inproceedings{vogel1996hmm,
  title={HMM-based word alignment in statistical translation},
  author={Vogel, Stephan and Ney, Hermann and Tillmann, Christoph},
  booktitle={Proceedings of the 16th conference on Computational linguistics-Volume 2},
  pages={836--841},
  year={1996},
  organization={Association for Computational Linguistics}
}
@article{brown1993mathematics,
  title={The mathematics of statistical machine translation: Parameter estimation},
  author={Brown, Peter F and Pietra, Vincent J Della and Pietra, Stephen A Della and Mercer, Robert L},
  journal={Computational linguistics},
  volume={19},
  number={2},
  pages={263--311},
  year={1993},
  publisher={MIT Press}
}
@article{baum1970maximization,
  title={A maximization technique occurring in the statistical analysis of probabilistic functions of Markov chains},
  author={Baum, Leonard E and Petrie, Ted and Soules, George and Weiss, Norman},
  journal={The annals of mathematical statistics},
  pages={164--171},
  year={1970},
  publisher={JSTOR}
}
