@inproceedings{Allauzen:2003:GAC:1075096.1075102,
 author = {Allauzen, Cyril and Mohri, Mehryar and Roark, Brian},
 title = {Generalized Algorithms for Constructing Statistical Language Models},
 booktitle = {Proceedings of the 41st Annual Meeting on Association for Computational Linguistics - Volume 1},
 series = {ACL '03},
 year = {2003},
 location = {Sapporo, Japan},
 pages = {40--47},
 numpages = {8},
 url = {http://dx.doi.org/10.3115/1075096.1075102},
 doi = {10.3115/1075096.1075102},
 acmid = {1075102},
 publisher = {Association for Computational Linguistics},
 address = {Stroudsburg, PA, USA},
}
@incollection{knight1998translation,
  title={Translation with finite-state devices},
  author={Knight, Kevin and Al-Onaizan, Yaser},
  booktitle={Machine translation and the information soup},
  pages={421--437},
  year={1998},
  publisher={Springer}
}
@inproceedings{berg2010painless,
  title={Painless unsupervised learning with features},
  author={Berg-Kirkpatrick, Taylor and Bouchard-C{\^o}t{\'e}, Alexandre and DeNero, John and Klein, Dan},
  booktitle={Human Language Technologies: The 2010 Annual Conference of the North American Chapter of the Association for Computational Linguistics},
  pages={582--590},
  year={2010},
  organization={Association for Computational Linguistics}
}
@inproceedings{vogel1996hmm,
  title={HMM-based word alignment in statistical translation},
  author={Vogel, Stephan and Ney, Hermann and Tillmann, Christoph},
  booktitle={Proceedings of the 16th conference on Computational linguistics-Volume 2},
  pages={836--841},
  year={1996},
  organization={Association for Computational Linguistics}
}